@inproceedings{Jeon:2012:DDR:2475185.2476784,
 author = {Jeon, Myunghoon and Lim, Kwang-Ho and Ahn, Hyun and Lee, Byoung-Dai},
 title = {Dynamic Data Replication Scheme in the Cloud Computing Environment},
 booktitle = {Proceedings of the 2012 Second Symposium on Network Cloud Computing and Applications},
 series = {NCCA '12},
 year = {2012},
 isbn = {978-0-7695-4943-9},
 pages = {40--47},
 numpages = {8},
 url = {http://dx.doi.org/10.1109/NCCA.2012.10},
 doi = {10.1109/NCCA.2012.10},
 acmid = {2476784},
 publisher = {IEEE Computer Society},
 address = {Washington, DC, USA},
}

@article{Atsan:2013:SSD:2542828.2542985,
 author = {Atsan, Emre and \"{O}zkasap, \"{O}znur},
 title = {SCALAR: Scalable Data Lookup and Replication Protocol for Mobile Ad Hoc Networks},
 journal = {Comput. Netw.},
 issue_date = {December, 2013},
 volume = {57},
 number = {17},
 month = dec,
 year = {2013},
 issn = {1389-1286},
 pages = {3654--3672},
 numpages = {19},
 url = {http://dx.doi.org/10.1016/j.comnet.2013.08.012},
 doi = {10.1016/j.comnet.2013.08.012},
 acmid = {2542985},
 publisher = {Elsevier North-Holland, Inc.},
 address = {New York, NY, USA},
 keywords = {
Virtual backbone, Connected dominating set, Data lookup, Data replication, Mobile ad hoc networks, Scalability},
}

@inproceedings{Helgason:2010:MPS:1851322.1851330,
 author = {Helgason, \'{O}lafur R. and Yavuz, Emre A. and Kouyoumdjieva, Sylvia T. and Pajevic, Ljubica and Karlsson, Gunnar},
 title = {A Mobile Peer-to-peer System for Opportunistic Content-centric Networking},
 booktitle = {Proceedings of the Second ACM SIGCOMM Workshop on Networking, Systems, and Applications on Mobile Handhelds},
 series = {MobiHeld '10},
 year = {2010},
 isbn = {978-1-4503-0197-8},
 location = {New Delhi, India},
 pages = {21--26},
 numpages = {6},
 url = {http://doi.acm.org/10.1145/1851322.1851330},
 doi = {10.1145/1851322.1851330},
 acmid = {1851330},
 publisher = {ACM},
 address = {New York, NY, USA},
 keywords = {dtn, opportunistic networking, peer-to-peer, publish/subscribe},
}

@inproceedings{Ding:2008:EDR:1447569.1448595,
 author = {Ding, Jen-Wen and Wang, Wan-Ting and Wang, Chu-Fu},
 title = {An Efficient Data Replication Scheme for Peer-to-Peer Video Streaming over Wireless-Mesh Community Networks},
 booktitle = {Proceedings of the 2008 International Conference on Intelligent Information Hiding and Multimedia Signal Processing},
 series = {IIH-MSP '08},
 year = {2008},
 isbn = {978-0-7695-3278-3},
 pages = {767--770},
 numpages = {4},
 url = {http://dx.doi.org/10.1109/IIH-MSP.2008.346},
 doi = {10.1109/IIH-MSP.2008.346},
 acmid = {1448595},
 publisher = {IEEE Computer Society},
 address = {Washington, DC, USA},
 keywords = {peer-to-peer, wireless mesh networks, video streaming, video-on-demand, community networks},
}

@inproceedings{Gao:2003:ASD:775152.775217,
 author = {Gao, Lei and Dahlin, Mike and Nayate, Amol and Zheng, Jiandan and Iyengar, Arun},
 title = {Application Specific Data Replication for Edge Services},
 booktitle = {Proceedings of the 12th International Conference on World Wide Web},
 series = {WWW '03},
 year = {2003},
 isbn = {1-58113-680-3},
 location = {Budapest, Hungary},
 pages = {449--460},
 numpages = {12},
 url = {http://doi.acm.org/10.1145/775152.775217},
 doi = {10.1145/775152.775217},
 acmid = {775217},
 publisher = {ACM},
 address = {New York, NY, USA},
 keywords = {availability, data replication, distributed objects, edge services, performance, wide area networks (WAN)},
}

@article{Abawajy:2006:NDR:1233691.1233692,
 author = {Abawajy, J. H. and Deris, M. Mat and Omar, M.},
 title = {A Novel Data Replication and Management Protocol for Mobile Computing Systems},
 journal = {Mob. Inf. Syst.},
 issue_date = {January 2006},
 volume = {2},
 number = {1},
 month = jan,
 year = {2006},
 issn = {1574-017X},
 pages = {3--19},
 numpages = {17},
 url = {http://dl.acm.org/citation.cfm?id=1233691.1233692},
 acmid = {1233692},
 publisher = {IOS Press},
 address = {Amsterdam, The Netherlands, The Netherlands},
}

@inproceedings{GDB,
 author = {Sivasubramanian, Swaminathan and Alonso, Gustavo and Pierre, Guillaume and van Steen, Maarten},
 title = {GlobeDB: Autonomic Data Replication for Web Applications},
 booktitle = {Proceedings of the 14th International Conference on World Wide Web},
 series = {WWW '05},
 year = {2005},
 isbn = {1-59593-046-9},
 location = {Chiba, Japan},
 pages = {33--42},
 numpages = {10},
 url = {http://doi.acm.org/10.1145/1060745.1060756},
 doi = {10.1145/1060745.1060756},
 acmid = {1060756},
 publisher = {ACM},
 address = {New York, NY, USA},
 keywords = {autonomic replication, data replication, edge services, rerformance},
}

@inproceedings{DRP,
 author = {Xhafa, Fatos and Kolici, Vladi and Potlog, Alina-Diana and Spaho, Evjola and Barolli, Leonard and Takizawa, Makoto},
 title = {Data Replication in P2P Collaborative Systems},
 booktitle = {Proceedings of the 2012 Seventh International Conference on P2P, Parallel, Grid, Cloud and Internet Computing},
 series = {3PGCIC '12},
 year = {2012},
 isbn = {978-0-7695-4841-8},
 pages = {49--57},
 numpages = {9},
 url = {http://dx.doi.org/10.1109/3PGCIC.2012.26},
 doi = {10.1109/3PGCIC.2012.26},
 acmid = {2415891},
 publisher = {IEEE Computer Society},
 address = {Washington, DC, USA},
 keywords = {Data Replication, P2P Collaborative Systems, JXTA Library, Peer-group, Super-peer, XQuery},
}

@inproceedings{EAD,
 author = {Shen, Haiying},
 title = {EAD: An Efficient and Adaptive Decentralized File Replication Algorithm in P2P File Sharing Systems},
 booktitle = {Proceedings of the 2008 Eighth International Conference on Peer-to-Peer Computing},
 series = {P2P '08},
 year = {2008},
 isbn = {978-0-7695-3318-6},
 pages = {99--108},
 numpages = {10},
 url = {http://dx.doi.org/10.1109/P2P.2008.37},
 doi = {10.1109/P2P.2008.37},
 acmid = {1443446},
 publisher = {IEEE Computer Society},
 address = {Washington, DC, USA},
}

@inproceedings{DBF,
 author = {Vardhan, Manu and Goel, Akhil and Verma, Abhinav and Kushwaha, Dharmender Singh},
 title = {Demand Based File Replication and Consistency Mechanism},
 booktitle = {Proceedings of the 2012 Third International Conference on Computer and Communication Technology},
 series = {ICCCT '12},
 year = {2012},
 isbn = {978-0-7695-4872-2},
 pages = {335--339},
 numpages = {5},
 url = {http://dx.doi.org/10.1109/ICCCT.2012.74},
 doi = {10.1109/ICCCT.2012.74},
 acmid = {2472108},
 publisher = {IEEE Computer Society},
 address = {Washington, DC, USA},
 keywords = {Consistency, File Replication, Update Propagation},
}

@article{Shen:2010:EAD:1803945.1804194,
 author = {Shen, Haiying},
 title = {An Efficient and Adaptive Decentralized File Replication Algorithm in P2P File Sharing Systems},
 journal = {IEEE Trans. Parallel Distrib. Syst.},
 issue_date = {June 2010},
 volume = {21},
 number = {6},
 month = jun,
 year = {2010},
 issn = {1045-9219},
 pages = {827--840},
 numpages = {14},
 url = {http://dx.doi.org/10.1109/TPDS.2009.127},
 doi = {10.1109/TPDS.2009.127},
 acmid = {1804194},
 publisher = {IEEE Press},
 address = {Piscataway, NJ, USA},
 keywords = {Peer-to-peer system, Peer-to-peer system, distributed hash table, file sharing system, file replication., distributed hash table, file replication., file sharing system},
}

@article{PLF,
 author = {Shen, Haiying and Zhu, Yingwu},
 title = {A Proactive Low-overhead File Replication Scheme for Structured P2P Content Delivery Networks},
 journal = {J. Parallel Distrib. Comput.},
 issue_date = {May, 2009},
 volume = {69},
 number = {5},
 month = may,
 year = {2009},
 issn = {0743-7315},
 pages = {429--440},
 numpages = {12},
 url = {http://dx.doi.org/10.1016/j.jpdc.2009.02.008},
 doi = {10.1016/j.jpdc.2009.02.008},
 acmid = {1529202},
 publisher = {Academic Press, Inc.},
 address = {Orlando, FL, USA},
 keywords = {Content delivery networks, Distributed hash table, File replication, Peer-to-peer},
}

@article{PAST,
 author = {Rowstron, Antony and Druschel, Peter},
 title = {Storage Management and Caching in PAST, a Large-scale, Persistent Peer-to-peer Storage Utility},
 journal = {SIGOPS Oper. Syst. Rev.},
 issue_date = {Dec. 2001},
 volume = {35},
 number = {5},
 month = oct,
 year = {2001},
 issn = {0163-5980},
 pages = {188--201},
 numpages = {14},
 url = {http://doi.acm.org/10.1145/502059.502053},
 doi = {10.1145/502059.502053},
 acmid = {502053},
 publisher = {ACM},
 address = {New York, NY, USA},
} 

@article{CFS,
 author = {Dabek, Frank and Kaashoek, M. Frans and Karger, David and Morris, Robert and Stoica, Ion},
 title = {Wide-area Cooperative Storage with CFS},
 journal = {SIGOPS Oper. Syst. Rev.},
 issue_date = {Dec. 2001},
 volume = {35},
 number = {5},
 month = oct,
 year = {2001},
 issn = {0163-5980},
 pages = {202--215},
 numpages = {14},
 url = {http://doi.acm.org/10.1145/502059.502054},
 doi = {10.1145/502059.502054},
 acmid = {502054},
 publisher = {ACM},
 address = {New York, NY, USA},
} 

@inproceedings{Rechord,
 author = {Kniesburges, Sebastian and Koutsopoulos, Andreas and Scheideler, Christian},
 title = {Re-Chord: A Self-stabilizing Chord Overlay Network},
 booktitle = {Proceedings of the Twenty-third Annual ACM Symposium on Parallelism in Algorithms and Architectures},
 series = {SPAA '11},
 year = {2011},
 isbn = {978-1-4503-0743-7},
 location = {San Jose, California, USA},
 pages = {235--244},
 numpages = {10},
 url = {http://doi.acm.org/10.1145/1989493.1989527},
 doi = {10.1145/1989493.1989527},
 acmid = {1989527},
 publisher = {ACM},
 address = {New York, NY, USA},
 keywords = {chord, peer-to-peer networks, self-stabilizing protocols},
} 

@article{chord,
 author = {Stoica, Ion and Morris, Robert and Liben-Nowell, David and Karger, David R. and Kaashoek, M. Frans and Dabek, Frank and Balakrishnan, Hari},
 title = {Chord: A Scalable Peer-to-peer Lookup Protocol for Internet Applications},
 journal = {IEEE/ACM Trans. Netw.},
 issue_date = {February 2003},
 volume = {11},
 number = {1},
 month = feb,
 year = {2003},
 issn = {1063-6692},
 pages = {17--32},
 numpages = {16},
 url = {http://dx.doi.org/10.1109/TNET.2002.808407},
 doi = {10.1109/TNET.2002.808407},
 acmid = {638336},
 publisher = {IEEE Press},
 address = {Piscataway, NJ, USA},
 keywords = {distributed scalable algorithms, lookup protocols, peer-to-peer networks},
} 
