% Those fields that are not to be changed can be left out or empty.
@IEEEtranBSTCTL{IEEEexample:BSTcontrol,
  CTLuse_forced_etal        = "yes",
  CTLmax_names_forced_etal  = "3",
  CTLnames_show_etal        = "1",
};


%*******************************************
% ABBREVIATIONS FOR CONFERENCE PROCEEDINGS *
%*******************************************
@STRING{CDC = "Proc. Control and Decision Conference (CDC)"}
@STRING{PIMRC = "Proc. IEEE Personal, Indoor, and Mobile Radio Communications Conference (PIMRC)"}
@STRING{INFOCOM = "Proc. IEEE INFOCOM"}
@STRING{MOBICOM = "Proc. ACM MobiCom"}
@STRING{MOBIEVAL = "Proc. ACM MobiEval"}
@STRING{SIGMETRICS = "Proc. ACM SIGMETRICS"}
@STRING{SIGCOMM = "Proc. ACM SIGCOMM"}
@STRING{SENSYS = "Proc. ACM SenSys"}
@STRING{MOBIHOC = "Proc. ACM MobiHoc"}
@STRING{MOBISYS = "Proc. ACM MobiSys"}
@STRING{DYSPAN = "Proc. IEEE DySPAN"}
@STRING{HOTNETS = "Proc. ACM HotNets"}
@STRING{ICC = "Proc. ICC"}
@STRING{SECON = "Proc. IEEE SECON"}
@STRING{OSDI = "Proc. OSDI"}
@STRING{NSDI = "Proc. NSDI"}
@STRING{GLOBECOM = "Proc. GLOBECOM"}
@STRING{MILCOM = "Proc. MILCOM"}
@STRING{ITC = "Proc. International Teletraffic Congress (ITC)"}
@STRING{MOMUC = "Proc. International Workshop on Mobile Multimedia Communications (MoMuC)"}
%@STRING{VTC = "Proc. IEEE Vehicular Technology Conference (VTC)"}
@STRING{VTC = "Proc. IEEE VTC"}
@STRING{WCNC = "Proc. IEEE Wireless Communications and Networking Conference (WCNC)"}
@STRING{CISS="Proc. Annual Conference on Information Sciences and Systems (CISS)"}
@STRING{ALLERTON="Proc. Annual Allerton Conference On Communication, Control and Computing"}
@STRING{IWQOS="Proc. IEEE International Workshop on Quality of Service (IWQoS)"}
@STRING{ISCC="Proc. International Symposium on Computer Communications (ISCC)"}
@STRING{PERCOM="Proc. IEEE Conference on Pervasive Computing and Communications (PerCom)"}
@STRING{IMC = "Proc. ACM Internet Measurement Conference (IMC)"}
@STRING{WICON = "Proc. International Wireless Internet Conference (WICON)"}
@STRING{WINMEE = "Proc. International workshop on Wireless Network Measurements (WinMee)"}
%@STRING{ICDCS = "Proc. IEEE International Conference on Distributed Computing Systems (ICDCS)"}
@STRING{ICDCS = "Proc. IEEE ICDCS"}
%@STRING{ISCAS="Proc. IEEE International Symposium on Circuits and Systems (ISCAS)"}
@STRING{ISCAS="Proc. IEEE ISCAS"}
%@STRING{WISE="Proc. ACM Workshop on Wireless Security (WiSe)"}
@STRING{WISE="Proc. ACM WiSe"}
%@STRING{WISEC="Proc. ACM Wireless Network Security Conference (WiSec)"}
@STRING{WISEC="Proc. ACM WiSec"}
@STRING{JSAC="IEEE Journal on Selected Areas in Communications"}
@STRING{BALTZER="ACM Baltzer Journal of Wireless Networks"}
@STRING{TIT = "IEEE Transactions on Information Theory"}
@STRING{TON="IEEE Transactions on Networking"}
@STRING{TCOMM="IEEE Transactions on Communications"}
@STRING{TCOMP="IEEE Transactions on Computers"}
@STRING{SIAMCOMP="SIAM Journal of Computing"}
@STRING{EURASIP="EURASIP Journal on Applied Signal Processing"}
@STRING{TSIG="IEEE Transactions on Signal Processing"}

%***********************************
% Security
%***********************************
@phdthesis{clarke1999distributed,
  title={A distributed decentralised information storage and retrieval system},
  author={Clarke, Ian and others},
  year={1999},
  school={Masterâ€™s thesis, University of Edinburgh}
}

@inproceedings{clarke2001freenet,
  title={Freenet: A distributed anonymous information storage and retrieval
system},
  author={Clarke, Ian and Sandberg, Oskar and Wiley, Brandon and Hong, Theodore
W},
  booktitle={Designing Privacy Enhancing Technologies},
  pages={46--66},
  year={2001},
  organization={Springer}
}
@incollection{sit2002security,
  title={Security considerations for peer-to-peer distributed hash tables},
  author={Sit, Emil and Morris, Robert},
  booktitle={Peer-to-Peer Systems},
  pages={261--269},
  year={2002},
  publisher={Springer}
}

@article{kaufman2009data,
  title={Data security in the world of cloud computing},
  author={Kaufman, Lori M},
  journal={Security \& Privacy, IEEE},
  volume={7},
  number={4},
  pages={61--64},
  year={2009},
  publisher={IEEE}
}

@book{ratnasamy2001scalable,
  title={A scalable content-addressable network},
  author={Ratnasamy, Sylvia and Francis, Paul and Handley, Mark and Karp,
Richard and Shenker, Scott},
  volume={31},
  number={4},
  year={2001},
  publisher={ACM}
}

@inproceedings{rowstron2001pastry,
  title={Pastry: Scalable, decentralized object location, and routing for
large-scale peer-to-peer systems},
  author={Rowstron, Antony and Druschel, Peter},
  booktitle={Middleware 2001},
  pages={329--350},
  year={2001},
  organization={Springer}
}

@inproceedings{stoica2001chord,
  title={Chord: A scalable peer-to-peer lookup service for internet
applications},
  author={Stoica, Ion and Morris, Robert and Karger, David and Kaashoek, M Frans
and Balakrishnan, Hari},
  booktitle={ACM SIGCOMM Computer Communication Review},
  volume={31},
  number={4},
  pages={149--160},
  year={2001},
  organization={ACM}
}

@article{LUAsurvey,
  title={A survey and comparison of peer-to-peer overlay network schemes.},
  author={Lua, Eng Keong and Crowcroft, Jon and Pias, Marcelo and Sharma, Ravi and Lim, Steven},
  journal={IEEE Communications Surveys and Tutorials},
  volume={7},
  number={1-4},
  pages={72--93},
  year={2005}
}

@inproceedings{Jeon:2012:DDR:2475185.2476784,
 author = {Jeon, Myunghoon and Lim, Kwang-Ho and Ahn, Hyun and Lee, Byoung-Dai},
 title = {Dynamic Data Replication Scheme in the Cloud Computing Environment},
 booktitle = {Proceedings of the 2012 Second Symposium on Network Cloud Computing and Applications},
 series = {NCCA '12},
 year = {2012},
 isbn = {978-0-7695-4943-9},
 pages = {40--47},
 numpages = {8},
 url = {http://dx.doi.org/10.1109/NCCA.2012.10},
 doi = {10.1109/NCCA.2012.10},
 acmid = {2476784},
 publisher = {IEEE Computer Society},
 address = {Washington, DC, USA},
}

@article{Atsan:2013:SSD:2542828.2542985,
 author = {Atsan, Emre and \"{O}zkasap, \"{O}znur},
 title = {SCALAR: Scalable Data Lookup and Replication Protocol for Mobile Ad Hoc Networks},
 journal = {Comput. Netw.},
 issue_date = {December, 2013},
 volume = {57},
 number = {17},
 month = dec,
 year = {2013},
 issn = {1389-1286},
 pages = {3654--3672},
 numpages = {19},
 url = {http://dx.doi.org/10.1016/j.comnet.2013.08.012},
 doi = {10.1016/j.comnet.2013.08.012},
 acmid = {2542985},
 publisher = {Elsevier North-Holland, Inc.},
 address = {New York, NY, USA},
 keywords = {
Virtual backbone, Connected dominating set, Data lookup, Data replication, Mobile ad hoc networks, Scalability},
}

@inproceedings{Helgason:2010:MPS:1851322.1851330,
 author = {Helgason, \'{O}lafur R. and Yavuz, Emre A. and Kouyoumdjieva, Sylvia T. and Pajevic, Ljubica and Karlsson, Gunnar},
 title = {A Mobile Peer-to-peer System for Opportunistic Content-centric Networking},
 booktitle = {Proceedings of the Second ACM SIGCOMM Workshop on Networking, Systems, and Applications on Mobile Handhelds},
 series = {MobiHeld '10},
 year = {2010},
 isbn = {978-1-4503-0197-8},
 location = {New Delhi, India},
 pages = {21--26},
 numpages = {6},
 url = {http://doi.acm.org/10.1145/1851322.1851330},
 doi = {10.1145/1851322.1851330},
 acmid = {1851330},
 publisher = {ACM},
 address = {New York, NY, USA},
 keywords = {dtn, opportunistic networking, peer-to-peer, publish/subscribe},
}

@inproceedings{Ding:2008:EDR:1447569.1448595,
 author = {Ding, Jen-Wen and Wang, Wan-Ting and Wang, Chu-Fu},
 title = {An Efficient Data Replication Scheme for Peer-to-Peer Video Streaming over Wireless-Mesh Community Networks},
 booktitle = {Proceedings of the 2008 International Conference on Intelligent Information Hiding and Multimedia Signal Processing},
 series = {IIH-MSP '08},
 year = {2008},
 isbn = {978-0-7695-3278-3},
 pages = {767--770},
 numpages = {4},
 url = {http://dx.doi.org/10.1109/IIH-MSP.2008.346},
 doi = {10.1109/IIH-MSP.2008.346},
 acmid = {1448595},
 publisher = {IEEE Computer Society},
 address = {Washington, DC, USA},
 keywords = {peer-to-peer, wireless mesh networks, video streaming, video-on-demand, community networks},
}

@inproceedings{Gao:2003:ASD:775152.775217,
 author = {Gao, Lei and Dahlin, Mike and Nayate, Amol and Zheng, Jiandan and Iyengar, Arun},
 title = {Application Specific Data Replication for Edge Services},
 booktitle = {Proceedings of the 12th International Conference on World Wide Web},
 series = {WWW '03},
 year = {2003},
 isbn = {1-58113-680-3},
 location = {Budapest, Hungary},
 pages = {449--460},
 numpages = {12},
 url = {http://doi.acm.org/10.1145/775152.775217},
 doi = {10.1145/775152.775217},
 acmid = {775217},
 publisher = {ACM},
 address = {New York, NY, USA},
 keywords = {availability, data replication, distributed objects, edge services, performance, wide area networks (WAN)},
}

@article{Abawajy:2006:NDR:1233691.1233692,
 author = {Abawajy, J. H. and Deris, M. Mat and Omar, M.},
 title = {A Novel Data Replication and Management Protocol for Mobile Computing Systems},
 journal = {Mob. Inf. Syst.},
 issue_date = {January 2006},
 volume = {2},
 number = {1},
 month = jan,
 year = {2006},
 issn = {1574-017X},
 pages = {3--19},
 numpages = {17},
 url = {http://dl.acm.org/citation.cfm?id=1233691.1233692},
 acmid = {1233692},
 publisher = {IOS Press},
 address = {Amsterdam, The Netherlands, The Netherlands},
}

@inproceedings{GDB,
 author = {Sivasubramanian, Swaminathan and Alonso, Gustavo and Pierre, Guillaume and van Steen, Maarten},
 title = {GlobeDB: Autonomic Data Replication for Web Applications},
 booktitle = {Proceedings of the 14th International Conference on World Wide Web},
 series = {WWW '05},
 year = {2005},
 isbn = {1-59593-046-9},
 location = {Chiba, Japan},
 pages = {33--42},
 numpages = {10},
 url = {http://doi.acm.org/10.1145/1060745.1060756},
 doi = {10.1145/1060745.1060756},
 acmid = {1060756},
 publisher = {ACM},
 address = {New York, NY, USA},
 keywords = {autonomic replication, data replication, edge services, rerformance},
}

@inproceedings{DRP,
 author = {Xhafa, Fatos and Kolici, Vladi and Potlog, Alina-Diana and Spaho, Evjola and Barolli, Leonard and Takizawa, Makoto},
 title = {Data Replication in P2P Collaborative Systems},
 booktitle = {Proceedings of the 2012 Seventh International Conference on P2P, Parallel, Grid, Cloud and Internet Computing},
 series = {3PGCIC '12},
 year = {2012},
 isbn = {978-0-7695-4841-8},
 pages = {49--57},
 numpages = {9},
 url = {http://dx.doi.org/10.1109/3PGCIC.2012.26},
 doi = {10.1109/3PGCIC.2012.26},
 acmid = {2415891},
 publisher = {IEEE Computer Society},
 address = {Washington, DC, USA},
 keywords = {Data Replication, P2P Collaborative Systems, JXTA Library, Peer-group, Super-peer, XQuery},
}

@inproceedings{EAD,
 author = {Shen, Haiying},
 title = {EAD: An Efficient and Adaptive Decentralized File Replication Algorithm in P2P File Sharing Systems},
 booktitle = {Proceedings of the 2008 Eighth International Conference on Peer-to-Peer Computing},
 series = {P2P '08},
 year = {2008},
 isbn = {978-0-7695-3318-6},
 pages = {99--108},
 numpages = {10},
 url = {http://dx.doi.org/10.1109/P2P.2008.37},
 doi = {10.1109/P2P.2008.37},
 acmid = {1443446},
 publisher = {IEEE Computer Society},
 address = {Washington, DC, USA},
}

@inproceedings{DBF,
 author = {Vardhan, Manu and Goel, Akhil and Verma, Abhinav and Kushwaha, Dharmender Singh},
 title = {Demand Based File Replication and Consistency Mechanism},
 booktitle = {Proceedings of the 2012 Third International Conference on Computer and Communication Technology},
 series = {ICCCT '12},
 year = {2012},
 isbn = {978-0-7695-4872-2},
 pages = {335--339},
 numpages = {5},
 url = {http://dx.doi.org/10.1109/ICCCT.2012.74},
 doi = {10.1109/ICCCT.2012.74},
 acmid = {2472108},
 publisher = {IEEE Computer Society},
 address = {Washington, DC, USA},
 keywords = {Consistency, File Replication, Update Propagation},
}

@article{Shen:2010:EAD:1803945.1804194,
 author = {Shen, Haiying},
 title = {An Efficient and Adaptive Decentralized File Replication Algorithm in P2P File Sharing Systems},
 journal = {IEEE Trans. Parallel Distrib. Syst.},
 issue_date = {June 2010},
 volume = {21},
 number = {6},
 month = jun,
 year = {2010},
 issn = {1045-9219},
 pages = {827--840},
 numpages = {14},
 url = {http://dx.doi.org/10.1109/TPDS.2009.127},
 doi = {10.1109/TPDS.2009.127},
 acmid = {1804194},
 publisher = {IEEE Press},
 address = {Piscataway, NJ, USA},
 keywords = {Peer-to-peer system, Peer-to-peer system, distributed hash table, file sharing system, file replication., distributed hash table, file replication., file sharing system},
}

@article{PLF,
 author = {Shen, Haiying and Zhu, Yingwu},
 title = {A Proactive Low-overhead File Replication Scheme for Structured P2P Content Delivery Networks},
 journal = {J. Parallel Distrib. Comput.},
 issue_date = {May, 2009},
 volume = {69},
 number = {5},
 month = may,
 year = {2009},
 issn = {0743-7315},
 pages = {429--440},
 numpages = {12},
 url = {http://dx.doi.org/10.1016/j.jpdc.2009.02.008},
 doi = {10.1016/j.jpdc.2009.02.008},
 acmid = {1529202},
 publisher = {Academic Press, Inc.},
 address = {Orlando, FL, USA},
 keywords = {Content delivery networks, Distributed hash table, File replication, Peer-to-peer},
}

@article{PAST,
 author = {Rowstron, Antony and Druschel, Peter},
 title = {Storage Management and Caching in PAST, a Large-scale, Persistent Peer-to-peer Storage Utility},
 journal = {SIGOPS Oper. Syst. Rev.},
 issue_date = {Dec. 2001},
 volume = {35},
 number = {5},
 month = oct,
 year = {2001},
 issn = {0163-5980},
 pages = {188--201},
 numpages = {14},
 url = {http://doi.acm.org/10.1145/502059.502053},
 doi = {10.1145/502059.502053},
 acmid = {502053},
 publisher = {ACM},
 address = {New York, NY, USA},
} 

@article{CFS,
 author = {Dabek, Frank and Kaashoek, M. Frans and Karger, David and Morris, Robert and Stoica, Ion},
 title = {Wide-area Cooperative Storage with CFS},
 journal = {SIGOPS Oper. Syst. Rev.},
 issue_date = {Dec. 2001},
 volume = {35},
 number = {5},
 month = oct,
 year = {2001},
 issn = {0163-5980},
 pages = {202--215},
 numpages = {14},
 url = {http://doi.acm.org/10.1145/502059.502054},
 doi = {10.1145/502059.502054},
 acmid = {502054},
 publisher = {ACM},
 address = {New York, NY, USA},
} 

@inproceedings{Rechord,
 author = {Kniesburges, Sebastian and Koutsopoulos, Andreas and Scheideler, Christian},
 title = {Re-Chord: A Self-stabilizing Chord Overlay Network},
 booktitle = {Proceedings of the Twenty-third Annual ACM Symposium on Parallelism in Algorithms and Architectures},
 series = {SPAA '11},
 year = {2011},
 isbn = {978-1-4503-0743-7},
 location = {San Jose, California, USA},
 pages = {235--244},
 numpages = {10},
 url = {http://doi.acm.org/10.1145/1989493.1989527},
 doi = {10.1145/1989493.1989527},
 acmid = {1989527},
 publisher = {ACM},
 address = {New York, NY, USA},
 keywords = {chord, peer-to-peer networks, self-stabilizing protocols},
} 

@article{chord,
 author = {Stoica, Ion and Morris, Robert and Liben-Nowell, David and Karger, David R. and Kaashoek, M. Frans and Dabek, Frank and Balakrishnan, Hari},
 title = {Chord: A Scalable Peer-to-peer Lookup Protocol for Internet Applications},
 journal = {IEEE/ACM Trans. Netw.},
 issue_date = {February 2003},
 volume = {11},
 number = {1},
 month = feb,
 year = {2003},
 issn = {1063-6692},
 pages = {17--32},
 numpages = {16},
 url = {http://dx.doi.org/10.1109/TNET.2002.808407},
 doi = {10.1109/TNET.2002.808407},
 acmid = {638336},
 publisher = {IEEE Press},
 address = {Piscataway, NJ, USA},
 keywords = {distributed scalable algorithms, lookup protocols, peer-to-peer networks},
} 

@inproceedings{rahmati2007context,
  title={Context-for-wireless: context-sensitive energy-efficient wireless data transfer},
  author={Rahmati, Ahmad and Zhong, Lin},
  booktitle={Proceedings of the 5th international conference on Mobile systems, applications and services},
  pages={165--178},
  year={2007},
  organization={ACM}
}

@article{deering1998internet,
  title={Internet protocol, version 6 (IPv6) specification},
  author={Deering, Stephen E},
  year={1998}
}

@inproceedings{ford2006persistent,
  title={Persistent personal names for globally connected mobile devices},
  author={Ford, Bryan and Strauss, Jacob and Lesniewski-Laas, Chris and Rhea, Sean and Kaashoek, Frans and Morris, Robert},
  booktitle={Proceedings of the 7th symposium on Operating systems design and implementation},
  pages={233--248},
  year={2006},
  organization={USENIX Association}
}

@phdthesis{ford2008uia,
  title={Uia: a global connectivity architecture for mobile personal devices},
  author={Ford, Bryan Alexander},
  year={2008},
  school={Massachusetts Institute of Technology}
}

@article{schuff2001,
 author = {Schuff, David and St. Louis, Robert},
 title = {Centralization vs. Decentralization of Application Software},
 journal = {Commun. ACM},
 issue_date = {June 2001},
 volume = {44},
 number = {6},
 month = jun,
 year = {2001},
 issn = {0001-0782},
 pages = {88--94},
 numpages = {7},
 url = {http://doi.acm.org/10.1145/376134.376177},
 doi = {10.1145/376134.376177},
 acmid = {376177},
 publisher = {ACM},
 address = {New York, NY, USA},
} 


@article{persona,
 author = {Baden, Randy and Bender, Adam and Spring, Neil and Bhattacharjee, Bobby and Starin, Daniel},
 title = {Persona: An Online Social Network with User-defined Privacy},
 journal = {SIGCOMM Comput. Commun. Rev.},
 issue_date = {October 2009},
 volume = {39},
 number = {4},
 month = aug,
 year = {2009},
 issn = {0146-4833},
 pages = {135--146},
 numpages = {12},
 url = {http://doi.acm.org/10.1145/1594977.1592585},
 doi = {10.1145/1594977.1592585},
 acmid = {1592585},
 publisher = {ACM},
 address = {New York, NY, USA},
 keywords = {ABE, OSN, facebook, persona, privacy, social networks},
} 

@inproceedings{xu2010,
 author = {Xu, Tianyin and Chen, Yang and Fu, Xiaoming and Hui, Pan},
 title = {Twittering by Cuckoo: Decentralized and Socio-aware Online Microblogging Services},
 booktitle = {Proceedings of the ACM SIGCOMM 2010 Conference},
 series = {SIGCOMM '10},
 year = {2010},
 isbn = {978-1-4503-0201-2},
 location = {New Delhi, India},
 pages = {473--474},
 numpages = {2},
 url = {http://doi.acm.org/10.1145/1851182.1851270},
 doi = {10.1145/1851182.1851270},
 acmid = {1851270},
 publisher = {ACM},
 address = {New York, NY, USA},
 keywords = {microblogging services, online social networking, peer-to-peer systems},
} 

@book{feilner2006openvpn,
  title={OpenVPN: Building and integrating virtual private networks},
  author={Feilner, Markus},
  year={2006},
  publisher={Packt Publishing Ltd}
}